@ELECTRONIC{Watson,
  Title                    = {IBM Watson},
  Author                   = {Wikipedia},
  HowPublished             = {web},
  Language                 = {Russian},
  Url                      = {https://ru.wikipedia.org/wiki/IBM_Watson},
  Year                     = {2014},
  Owner                    = {toschev},
  Timestamp                = {2014.05.01}
}
% ГОСТ Р 7.

%http://www.it-analytics.ru/analytics/trends/66314.html0.11-2011, Приложение Б, Книги
@ELECTRONIC{SuperJob,
  Title                    = {Super Job. Уровень зарплат IT специалистов},
  Author                   = {Super Job},
  HowPublished             = {web},
  Language                 = {Russian},
  Url                      = {http://www.it-analytics.ru/analytics/trends/66314.html0.11-2011},
  Year                     = {2014},
  Owner                    = {toschev},
  Timestamp                = {2014.05.01}
}
@ELECTRONIC{TimeWeb,
  Title                    = {Time Web. Стоимость аренды серверов},
  Author                   = {Time Web},
  HowPublished             = {web},
  Language                 = {Russian},
  Url                      = {http://timeweb.com/ru/services/dedicated-server/},
  Year                     = {2015},
  Owner                    = {toschev},
  Timestamp                = {2014.05.01}
}

@ARTICLE{Lobachevskii,
  author = {Тощев, А. С.},
  title = {К новой концепции  автоматизации программного обеспечения},
  journal = {Труды Математического центра имени Н.И. Лобачевского. Материалы Десятой молодежной научной школы-конференции 'Лобачевские чтения  -2011. - Казань, 31 октября - 4 ноября 2011'},
  year = {2011},
  numpages = {2},
  volume       = {44},
  %note = {Режим доступа: http://vestnik.fa.ru/4(28)2003/4.html},
  language = {russian}
}


@ARTICLE{WCIT-2012,
  author = {Toshchev, A., Talanov, M., Krehov, A., Khasianov, A.},
  title = {Thinking-Understanding approach in IT maintenance domain automation},
  journal = {Global Journal on Technology, Vol 3 (2013): 3rd World Conference on Information Technology (WCIT-2012)},
  year = {2013},
  volume       = {3},
  note = {Режим доступа: http://www.world-education-center.org/index.php/P-ITCS/issue/view/96},
  language = {russian}
}


@ARTICLE{AINL-2013,
  author = {Toshchev, A., Talanov, M.},
  title = {Thinking model and machine understanding of English primitive texts and it's application in Infrastructure as Service domain},
  journal = {Proceedings of AINL-2013},
  year = {2013},
  note = {Режим доступа: hhttp://ainlconf.ru/material201303},
  language = {russian}
}

@ARTICLE{ISGZ,
  author = {Toshchev, A., Talanov, M.},
  title = {ARCHITECTURE AND REALIZATION OF INTELLECTUAL AGENT FOR AUTOMATIC INCIDENT PROCESSING USING THE ARTIFICIAL INTELLIGENCE AND SEMANTIC NETWORKS},
  journal = {Ученые записки ИСГЗ 2078-6980},
  year = {2014},
  volume       = {2},
  note = {Режим доступа: hhttp://ainlconf.ru/material201303},
  language = {russian}
}

@ARTICLE{RCDL-2014,
  author = {Toshchev, A.},
  title = {Thinking model and machine understanding in automated user request processing},
  journal = {CEUR Workshop Proceedings},
  year = {2014},
  volume       = {1297},
  language = {russian}
}

@ARTICLE{AMSTA-2015,
  author = {Toshchev, A., Talanov, M.},
  title = {Thinking Lifecycle as an Implementation of Machine Understanding in Software Maintenance Automation Domain},
  journal = {Agent and Multi-Agent Systems: Technologies and Applications: 9th KES International Conference, KES-AMSTA 2015 Sorrento, Italy, June 2015, Proceedings (Smart Innovation, Systems and Technologies) },
  year = {2015},
  %volume       = {1297},
  %note = {Режим доступа: hhttp://ainlconf.ru/material201303},
  language = {russian}
}

@BOOK{Hawking,
  author = {Хокинг, С.},
  editor = {},
  address = {Москва},
  publisher = {Амфора},
  title = {ТЕОРИЯ ВСЕГО },
  year = {2009},
  numpages = {160},
  language = {russian}
}

@BOOK{PLN,
  author = {Гетзель, Б., Мэтью И.},
  editor = {},
  address = {Springer},
  publisher = {Springer},
  title = {Probabilistic Logic Networks: A Comprehensive Conceptual, Mathematical and Computational Framework for Uncertain Inference.},
  year = {2008},
  numpages = {333},
  language = {russian}
}
%Ben Goertzel, Matthew Iklé, Izabela Lyon Freire Goertzel, Ari Heljakka (2008). Probabilistic Logic Networks: A Comprehensive Conceptual, Mathematical and Computational Framework for Uncertain Inference. Springer. p. 333. ISBN 0-387-76871-8.

%Non-Axiomatic Logic
@BOOK{NARS,
  author = {Ванг, П.},
  editor = {},
  address = {США},
  publisher = {World Scientific Publishing Company},
  title = {Non-Axiomatic Logic
A Model of Intelligent Reasoning.},
  year = {2013},
  numpages = {276},
  language = {russian}
}

@BOOK{Meyer,
  author = {Мейер, Б.},
  editor = {},
  address = {Аппер Садл Ривер, США},
  publisher = {Прентис Холл},
  title = {Object-Oriented Software Construction 2nd Edition},
  year = {1997},
  numpages = {1296},
  language = {russian}
}

%http://www.amazon.com/Owl-Representing-Information-Ontology-Language/dp/1412034485
@Book{OWL,
  Title                    = {Owl: Representing Information Using the Web Ontology Language},
  Author                   = {Лейси, Л.},
  Publisher                = {Трэффорд Паблишинг},
  Year                     = {2005},
  numpages 				   = {302},
  language				   = {russian},					   
  Owner                    = {alex},
  address 				   = {47403, Блумингтон, Либерти драйв 1663},
  Timestamp                = {2013.07.24}
}

@BOOK{StanfordParser,
  author = {Вебер, П. and Вилльямс, Д.},
  editor = {Зителло, Т.},
  address = {Upper Saddle River, New Jersey 07458},
  publisher = {Прентис Холл},
  title = {Введение в обработку информации},
  year = {2009},
  numpages = {581},
  language = {russian}
}

@BOOK{JMS,
  author = {Робинсон, С.},
  editor = {},
  address = {},
  publisher = {PACKT publishing},
  title = {WebSphere Application Server 7.0 Administration Guide},
  year = {2009},
  numpages = {344},
  language = {russian}
}

@BOOK{ScalaProgrammingLanguage,
  author = {Одерски, М. and Спун, Л. and Веннерс, Б.},
  editor = {},
  address = {},
  publisher = {Артима},
  title = {Programming in Scala, Second Edition. A comprehensive step-by-step guide},
  year = {2010},
  numpages = {883},
  language = {russian}
}

@BOOK{JavaConcurrency,
  author = {Гойтз, Б. and Пейерлс, Т. and Блох, Д.},
  editor = {},
  address = {},
  publisher = {Addison-Wesley Professional; 1 edition},
  title = {Java Concurrency in Practice},
  year = {2006},
  numpages = {384},
  language = {russian}
}


@BOOK{AkkaConcurrency,
  author = {Вайтт, Д.},
  editor = {Роланд, К.},
  address = {},
  publisher = {Артима},
  title = {Akka Concurrency},
  year = {2013},
  numpages = {521},
  language = {russian}
}


@BOOK{HPOpenView,
  author = {Соколов, А. Н. and Сердобинцев, К. С.},
  editor = {Шутзе, Х.},
  address = {Астрахань},
  publisher = {Издательство},
  title = {HP OpenView System Administration Handbook: Network Node Manager, Customer Views, Service Information Portal, HP OpenView Operations},
  year = {2004},
  numpages = {688},
  language = {english}
}


@BOOK{ComputionalGeometry,
  author = {Мински М. and Паперт С.},
  title = {Персептроны: Введение в Вычислительную геометрию},
  address = {M.},
  publisher = {MIT Press},
  year = {1988},
  numpages = {},
  language = {english}
}


% ГОСТ Р 7.0.11-2011, Приложение Б, Нормативные правовые акты
@BOOK{FiscalCodecs,
  title = {Налоговый кодекс Российской Федерации. Части 1 и 2},
  address = {М.},
  publisher = {Эксмо},
  year = {2015},
  numpages = {1344},
  language = {russian}
}




% ГОСТ Р 7.0.11-2011, Приложение Б, Статьи

@Electronic{AnalysisResults,
  Title                    = {Analysis results for IT Outsourcing},
  Author                   = {Alexander Toschev, Max Talanov},
  HowPublished             = {web},
  Language                 = {English},
  Month                    = {04},
  Organization             = {Kazan Federal University},
  Url                      = {http://tu-project.com/for-business/},
  Year                     = {2013},

  Owner                    = {toschev},
  Timestamp                = {2014.05.01}
}

@Article{TUPossibility,
  Title                    = {Thinking model and machine understanding in automated user request processing},
  Author                   = {Toschev Alexander},
  Journal                  = {CEUR Workshop Proceedings},
  Year                     = {2014},
  Pages                    = {224-226},
  Volume                   = {1297},

  Owner                    = {toscheva},
  Timestamp                = {2014-10-16}
}

@Book{PLN,
  Title                    = {Probabilistic Logic Networks. A Comprehensive Framework for Uncertain Inference},
  Author                   = {Ben Goertzel},
  Publisher                = {Springer},
  Year                     = {2008},

  Owner                    = {max},
  Timestamp                = {2013.07.24}
}

@Electronic{OpenCog,
  Title                    = {OpenCog},
  Author                   = {Ben Goetzel},
  HowPublished             = {web},
  Language                 = {English},
  Month                    = {04},
  Organization             = {OpenCog},
  Url                      = {http://opencog.org/},
  Year                     = {2012},

  Owner                    = {toschev},
  Timestamp                = {2012.05.01}
}

@Electronic{OpenCogRelex,
  Title                    = {OpenCog RelEx},
  Author                   = {Ben Goetzel},
  HowPublished             = {web},
  Language                 = {English},
  Month                    = {04},
  Organization             = {OpenCog},
  Url                      = {http://wiki.opencog.org/w/RelEx},
  Year                     = {2012},

  Owner                    = {toschev},
  Timestamp                = {2012.05.01}
}

@Electronic{OpenNLP,
  Title                    = {Apache OpenNLP},
  Author                   = {Apache Software Foundation},
  HowPublished             = {web},
  Language                 = {English},
  Month                    = {04},
  Organization             = {Apache Software Foundation},
  Url                      = {https://opennlp.apache.org/},
  Year                     = {2012},
  Owner                    = {toschev},
  Timestamp                = {2012.05.01}
}

@Electronic{IBMWatson,
  Title                    = {IBM watson},
  Author                   = {IBM},
  HowPublished             = {web},
  Language                 = {English},
  Month                    = {00},
  Organization             = {IBM},
  Url                      = {http://www.ibm.com/analytics/watson-analytics/},
  Year                     = {2014},

  Owner                    = {toschev},
  Timestamp                = {2012.05.01}
}

@Article{lieberman2005,
  Title                    = {Feasibility Studies for Programming in Natural Language,},
  Author                   = {Henry Lieberman and Hugo Liu, in H. Lieberman, F. Paterno and V. Wulf,},
  Journal                  = {End-User Development},
  Year                     = {2005},

  Owner                    = {max},
  Timestamp                = {2015.02.24}
}

@Conference{liu2005,
  Title                    = {Programmatic Semantics for Natural Language Interfaces,},
  Author                   = {Hugo Liu and Henry Lieberman},
  Booktitle                = {ACM Conference on Computers \& Human Interaction (CHI-2005)},
  Year                     = {2005},

  Owner                    = {max},
  Timestamp                = {2015.02.24}
}

@Conference{Metafor,
  Title                    = {Metafor: Visualizing Stories as Code},
  Author                   = {Hugo Liu and Henry Lieberman},
  Booktitle                = {IUI 05 - 2005 International Conference on Intelligent User Interfaces},
  Year                     = {2005},

  Owner                    = {max},
  Timestamp                = {2013.07.24}
}

@Book{EmotionMachine,
  Title                    = {The Emotion Machine},
  Author                   = {Marvin Minsky},
  Publisher                = {Simon \& Schuster},
  Year                     = {2006},

  Owner                    = {max},
  Timestamp                = {2013.07.24}
}

@Book{SocietyOfMind,
  Title                    = {The Society of Mind},
  Author                   = {Marvin Minsky},
  Publisher                = {Simon \& Schuster},
  Year                     = {1988},

  Owner                    = {max},
  Timestamp                = {2013.07.24}
}


@Book{NARS,
  Title                    = {Rigid Flexibility: The Logic of Intelligence},
  Author                   = {Wang Pei},
  Publisher                = {Springer Netherlands},
  Year                     = {2006},

  Owner                    = {max},
  Timestamp                = {2013.07.24}
}


@Book{ArtificialIntelligence,
  Title                    = {Artificial Intelligence. A Modern approach},
  Author                   = {Stuart Russell, Peter Norvig},
  Publisher                = {Pearson},
  Year                     = {2010},

  Owner                    = {max},
  Timestamp                = {2013.07.24}
}


@Conference{SoftwareAutomation,
  Title                    = {Automating programming via concept mining, probabilistic reasoning over semantic knowledge base of SE domain},
  Author                   = {Talanov Maxim, Krekhov Andrey, Makhmutov Aidar},
  Booktitle                = {2010 6th Central and Eastern European Software Engineering Conference, CEE-SECR 2010},
  Year                     = {2010},

  Owner                    = {toschev},
  Timestamp                = {2010.10.15}
}

@Electronic{WolframAplha,
  Title                    = {Wolfram Alpha},
  Author                   = {Wolfram},
  HowPublished             = {web},
  Language                 = {English},
  Month                    = {00},
  Organization             = {Wolfram},
  Url                      = {http://www.wolframalpha.com/},
  Year                     = {2014},

  Owner                    = {toschev},
  Timestamp                = {2012.05.01}
}

@Electronic{AfterTheDeadline,
  Title                    = {After the deadline},
  HowPublished             = {web},
  Language                 = {English},
  Month                    = {04},
  Organization             = {After the deadline},
  Url                      = {http://www.afterthedeadline.com/},
  Year                     = {2012},

  Owner                    = {toschev},
  Timestamp                = {2012.05.01}
}


@ARTICLE{linkgrammar,
  author = {Гринберг, Д.},
  title =  {Надежный алгоритм обработки для грамматики},
  journal = {Технический отчет Университета Карнеги Мелон CMU-CS-95-125},
  year = {1995},
  note = {1 июля},
  language = {english}
}

@ARTICLE{IJSE-1,
  author = {Toshchev, A., Talanov, M.},
  title = {Computational emotional thinking and virtual neurotransmitters},
  journal = {International Journal of Synthetic Emotions (IJSE)},
  year = {2014},
  volume       = {06/2014},
  language = {russian}
}

% http://www.sciencedirect.com/science/article/pii/S0045790609001128
@ARTICLE{NEURAL,
  author = {Katidiotis, A., Tsagkaris, K.},
  title = {Performance evaluation of artificial neural network-based learning schemes for cognitive radio systems},
  journal = {Computers \emph Electrical Engineering},
  year = {2010},
  volume       = {36},
  issue  ={13},
  publisher = {Elsevier},
  language = {russian}
}
% http://www.springer.com/us/book/9783642217371
@ARTICLE{DTREE,
  author = {Deng, H., Runger, G., Tuv, E.},
  title = {Bias of importance measures for multi-valued attributes and solutions},
  journal = {Proceedings of the 21st International Conference on Artificial Neural Networks (ICANN)},
  year = {2011},
  %volume       = {36},
  %issue  ={13},
  publisher = {Springer},
  language = {russian}
}

@BOOK{GALG,
  author = {Poli, R., Langdon, W. B., McPhee, N.},
  title = {A Field Guide to Genetic Programming},
  %journal = {Lulu.com},
  year = {2008},
  %volume       = {36},
  %issue  ={13},
  publisher = {Lulu.com},
  language = {russian}
}

@ARTICLE{SECR,
  author = {Talanov, M.},
  title = {Automating programming via concept mining, probabilistic reasoning over semantic knowledge base of SE domain},
  journal = {Software Engineering Conference (CEE-SECR), 2010 6th Central and Eastern European},
  year = {2010},
  %volume       = {36},
  %issue  ={13},
  publisher = {IEEE},
  language = {russian}
}
@BOOK{UML,
  author = {Fowler, M.},
  title = {UML Distilled: A Brief Guide to the Standard Object Modeling Language (3rd Edition)},
  %journal = {Lulu.com},
  year = {2003},
  pages       = {208},
  %issue  ={13},
  publisher = {Addison-Wesley Professional; 3 edition},
  language = {russian}
}
% http://protege.stanford.edu/publications/ontology_development/ontology101-noy-mcguinness.html
@ARTICLE{Protege,
  author = {Noy, N., McGuiness, D.},
  title = {Ontology Development 101: A Guide to Creating Your First Ontology},
  journal = {Stanford University},
  year = {2010},
  %volume       = {36},
  %issue  ={13},
  publisher = {Stanford University},
  language = {russian}
}
%http://link.springer.com/article/10.1007%2Fs10710-011-9148-z
@ARTICLE{ECJ,
  author = {White, D.},
  title = {Software review: the ECJ toolkit},
  journal = {Genetic Programming and Evolvable Machines},
  year = {2012},
  volume       = {13},
  issue  ={1},
  publisher = {Springer US},
  language = {russian}
}
%http://www.igi-global.com/article/appraisal-coping-and-high-level-emotions-aspects-of-computational-emotional-thinking/138577
@ARTICLE{IJSE-2,
  author = {Toshchev, A., Talanov, M.},
  title = {Appraisal, Coping and High Level Emotions Aspects of Computational Emotional Thinking},
  journal = {International Journal of Synthetic Emotions (IJSE)},
  year = {2015},
  volume       = {06/2015},
  language = {russian}
}
%http://www.scopus.com/record/display.uri?eid=2-s2.0-84938546546&origin=resultslist&sort=plf-f&src=s&st1=help+desk+automation&st2=&sid=1436BC92AEED1F23CADD426A901CB776.kqQeWtawXauCyC8ghhRGJg%3a10&sot=b&sdt=b&sl=35&s=TITLE-ABS-KEY%28help+desk+automation%29&relpos=0&citeCnt=0&searchTerm=TITLE-ABS-KEY%28help+desk+automation%29
@ARTICLE{AUTOM-1,
  author = {Hartshorne, R},
  title = {Outsourcing of information and knowledge services: A supplier’s view},
  journal = {Business Information Review},
  year = {2015},
  volume       = {32},
  language = {russian}
}


%http://www.statista.com/statistics/189788/global-outsourcing-market-size/
@ARTICLE{AUTOS-1,
  author = {TPI},
  title = {Global market size of outsourced services from 2000 to 2014 (in billion U.S. dollars)},
  journal = {Statista},
  year = {2015},
  %volume       = {32},
  language = {russian}
}
@ARTICLE{NLP-1,
  author = {Tutubalina E.},
  title = {Mining Failures to Improve a Product: a Study aboutProblem Phrase Extraction From User Reviews},
  journal = {Proceedings of WSDM 2016},
  year = {2016},
  %volume       = {32},
  language = {russian}
}
@ARTICLE{SDAUTOM,
  author = {Коптелов А.К.},
  title = {Автоматизация центра поддержки пользователей},
  journal = {Мобильные телекоммуникации},
  year = {2006},
  volume       = {9},
  language = {russian}
}


@ARTICLE{WATSON-PO,
  author = {Devarakonda, M.,  Zhang, D.,  Tsou, C.-H.,  Bornea, M.},
  title = {Problem-oriented patient record summary: An early report on a Watson application  (Conference Paper)},
  journal = {2014 IEEE 16th International Conference on e-Health Networking, Applications and Services},
  year = {2014},
  volume       = {1},
  language = {russian}
}

%http://www.programmableweb.com/news/top-10-machine-learning-apis-att-speech-ibm-watson-google-prediction/analysis/2015/08/03

@ARTICLE{WATSON-PTOP,
  author = {Wagner, J.},
  title = {TOP 10 MACHINE LEARNING APIS: AT and T SPEECH, IBM WATSON, GOOGLE PREDICTION},
  journal = {Programmableweb},
  year = {2015},
  volume       = {1},
  language = {russian}
}
%http://www.cfin.ru/press/zhuk/2006-7/2.shtml
@ARTICLE{OUTSOURCE-RENT,
  author = {Зацепа, C.},
  title = {Рентабельность малого бизнеса и ИТ-аутсорсинг},
  journal = {Управление компанией},
  year = {2006},
  volume       = {7},
  language = {russian}
}
@ARTICLE{TUTUB-1,
  author = {Tutubalina, E.},
  title = {Target-based topic model for problem phrase extraction  (Conference Paper)},
  journal = {Lecture Notes in Computer Science (including subseries Lecture Notes in Artificial Intelligence and Lecture Notes in Bioinformatics)},
  year = {2015},
  volume       = {9022},
  language = {russian}
}
%http://www.scopus.com/record/display.uri?eid=2-s2.0-84916214414&origin=resultslist&sort=plf-f&src=s&sid=F6574CF194219851A5E0D9AB36B77E37.kqQeWtawXauCyC8ghhRGJg%3a150&sot=autdocs&sdt=autdocs&sl=18&s=AU-ID%2856441621500%29&relpos=1&citeCnt=0&searchTerm=

@ARTICLE{TUTUB-2,
  author = {Ivanov, V.,  Tutubalina, E.},
  title = {Clause-based approach to extracting problem phrases from user reviews of products},
  journal = {Communications in Computer and Information Science},
  year = {2014},
  volume       = {436},
  language = {russian}
}

%http://www.scopus.com/record/display.uri?eid=2-s2.0-84943350772&origin=resultslist&sort=plf-f&src=s&st1=machine+learning&st2=&sid=8CC32CA89D902EEF364131B6E575B67A.kqQeWtawXauCyC8ghhRGJg%3a640&sot=b&sdt=b&sl=31&s=TITLE-ABS-KEY%28machine+learning%29&relpos=6&citeCnt=0&searchTerm=TITLE-ABS-KEY%28machine+learning%29
@ARTICLE{LEARN-1,
  author = {Bello-Orgaz, G.A ,  Jung, J.J.b ,  Camacho, D.A},
  title = {Social big data: Recent achievements and new challenges  (Article)},
  journal = {Information Fusion},
  year = {2015},
  volume       = {28},
  language = {russian}
}

% http://www.scopus.com/record/display.uri?eid=2-s2.0-84938265229&origin=resultslist&sort=plf-f&src=s&st1=machine+human+communication&st2=&sid=8CC32CA89D902EEF364131B6E575B67A.kqQeWtawXauCyC8ghhRGJg%3a770&sot=b&sdt=b&sl=42&s=TITLE-ABS-KEY%28machine+human+communication%29&relpos=11&citeCnt=0&searchTerm=TITLE-ABS-KEY%28machine+human+communication%29
@ARTICLE{LEARN-2,
  author = {Baddoura, R,  Venture, G.},
  title = {This Robot is Sociable: Close-up on the Gestures and Measured Motion of a Human Responding to a Proactive Robot  (Article)},
  journal = {International Journal of Social Robotics},
  year = {2015},
  volume       = {7},
  language = {russian}
}

%http://www.scopus.com/record/display.uri?eid=2-s2.0-84943816961&origin=resultslist&sort=plf-f&src=s&st1=machine+logic&st2=&sid=8CC32CA89D902EEF364131B6E575B67A.kqQeWtawXauCyC8ghhRGJg%3a900&sot=b&sdt=b&sl=28&s=TITLE-ABS-KEY%28machine+logic%29&relpos=1&citeCnt=0&searchTerm=TITLE-ABS-KEY%28machine+logic%29
@ARTICLE{LEARN-3,
  author = {Michalos, G.,  Sipsas, P.,  Makris, S.,  Chryssolouris, G.},
  title = {Decision making logic for flexible assembly lines reconfiguration  (Article)},
  journal = {Robotics and Computer-Integrated Manufacturing},
  year = {2016},
  volume       = {37},
  language = {russian}
}

@ARTICLE{StartToOutsource,
  author = {Коптелов, А.},
  title = {Вывод ИТ-подразделений на аутсорсинг Проблемы и решения},
  journal = {IT news},
  year = {2006},
  volume       = {1311},
  language = {russian}
}

@ARTICLE{OutsourceSoft,
  author = {Коптелов, А., Елманова, Н.},
  title = {Аутсорсинг разработки программного обеспечения},
  journal = {IT news},
  year = {2006},
  volume       = {16},
  language = {russian}
}

@ARTICLE{OutsourceSD,
  author = {Коптелов, А., Уштей С.},
  title = {Аутсорсинг центра технической поддержки пользователей},
  journal = {IT news},
  year = {2007},
  volume       = {2(75)},
  language = {russian}
}

@ARTICLE{OutsourceEff,
  author = {Коптелов, А., Вишняков О.},
  title = {Анализ эффективности аутсорсинга},
  journal = {IT news},
  year = {2007},
  volume       = {7(80)},
  language = {russian}
}

@ARTICLE{OutsourceIT,
  author = {Коптелов, А., Караваев И.},
  title = {ИТ-служба передается на аутсорсинг...},
  journal = {ИКС},
  year = {2007},
  volume       = {8},
  language = {russian}
}











